<?xml version="1.0" encoding="UTF-8"?><record xmlns="http://www.loc.gov/MARC21/slim" xmlns:cinclude="http://apache.org/cocoon/include/1.0" xmlns:zs="http://www.loc.gov/zing/srw/">
  <leader>00939cz  a2200169n  4500</leader>
  <controlfield tag="001">n  87137223 </controlfield>
  <controlfield tag="003">DLC</controlfield>
  <controlfield tag="005">20130316084152.0</controlfield>
  <controlfield tag="008">871021n| azannaabn          |a ana      </controlfield>
  <datafield tag="010" ind1=" " ind2=" ">
    <subfield code="a">n  87137223 </subfield>
  </datafield>
  <datafield tag="035" ind1=" " ind2=" ">
    <subfield code="a">(OCoLC)oca01966084</subfield>
  </datafield>
  <datafield tag="040" ind1=" " ind2=" ">
    <subfield code="a">DLC</subfield>
    <subfield code="b">eng</subfield>
    <subfield code="e">rda</subfield>
    <subfield code="c">DLC</subfield>
    <subfield code="d">DLC</subfield>
    <subfield code="d">OCoLC</subfield>
    <subfield code="d">DLC</subfield>
  </datafield>
  <datafield tag="110" ind1="1" ind2=" ">
    <subfield code="a">Massachusetts.</subfield>
    <subfield code="b">Governor's Advisory Task Force on the Department of Revenue</subfield>
  </datafield>
  <datafield tag="410" ind1="1" ind2=" ">
    <subfield code="w">nnea</subfield>
    <subfield code="a">Massachusetts.</subfield>
    <subfield code="b">Governor's Advisory Task Force on the Dept. of Revenue</subfield>
  </datafield>
  <datafield tag="410" ind1="1" ind2=" ">
    <subfield code="a">Massachusetts.</subfield>
    <subfield code="b">McDaniel Commission</subfield>
  </datafield>
  <datafield tag="670" ind1=" " ind2=" ">
    <subfield code="a">nuc87-108620: Its Report of the Governor's Advisory Task Force on ... 1983</subfield>
    <subfield code="b">(hdg. on MH-KG rept.: Massachusetts. Governor's Advisory Task Force on the Department of Revenue; usage: Governor's Advisory Task Force on the Department of Revenue)</subfield>
  </datafield>
  <datafield tag="670" ind1=" " ind2=" ">
    <subfield code="a">Massachusetts. Dept. of Revenue. Integrity, our top priority, 1986:</subfield>
    <subfield code="b">t.p. (Governor's Advisory Task Force on the Department of Revenue) p. 1 (McDaniel Commission)</subfield>
  </datafield>
</record>